% This file was created with JabRef 2.5.
% Encoding: Cp1252

@ELECTRONIC{Owen1999,
  author = {G. Scott Owen},
  month = {June},
  year = {1999},
  title = {Ray-Sphere Intersection},
  language = {EN},
  url = {http://www.siggraph.org/education/materials/HyperGraph/raytrace/rtinter1.htm},
  owner = {simon},
  timestamp = {2010.04.23}
}

@BOOK{rees,
  title = {Physical Principles of Remote Sensing},
  publisher = {Cambridge University Press},
  year = {2001},
  author = {W. G. Rees},
  address = {Cambridge},
  edition = {second edition, sixth printing},
  isbn = {9780521669481}
}

@ELECTRONIC{fresnel2,
  author = {Thayer Watkins},
  title = {Fresnel equations},
  url = {http://www.inyourfacefotos.com/fresnel.htm}
}

@ELECTRONIC{fresnel1,
  title = {Fresnel equations},
  url = {http://www.economicexpert.com/a/Fresnel:equations.html}
}

@ELECTRONIC{refractiveIndices,
  title = {List of refractive indices},
  url = {http://en.wikipedia.org/wiki/List_of_refractive_indices}
}

